@book{Mathews04,
    author = {Mathews, John H. and Fink, Kurtis K.},
    day = {01},
    edition = {4},
    howpublished = {Paperback},
    isbn = {0130652482},
    month = jan,
    priority = {2},
    publisher = {Pearson},
    title = {{Numerical Methods Using Matlab (4th Edition)}},
    year = {2004},
    url = {http://mathfaculty.fullerton.edu/mathews//n2003/montecarlopimod.html},
}

@article{Sawilowsky03,
    author = {Sawilowsky, Schlomo S.},
    title = {You think you've got trivials?},
    journal = {Journal of Modern Applied Statistical Methods},
    volume = {2},
    issue = {1},
    pages = {218-225},
    year = 2003,
    url = {http://digitalcommons.wayne.edu/coe_tbf/21}
}

@article{Matsumoto98,
    author = {Matsumoto, Makoto and Nishimura, Takuji},
    title = {Mersenne Twister: A 623-dimensionally Equidistributed Uniform Pseudo-random Number Generator},
    journal = {ACM Trans. Model. Comput. Simul.},
    issue_date = {Jan. 1998},
    volume = {8},
    number = {1},
    month = jan,
    year = {1998},
    issn = {1049-3301},
    pages = {3--30},
    numpages = {28},
    url = {http://doi.acm.org/10.1145/272991.272995},
    doi = {10.1145/272991.272995},
    acmid = {272995},
    publisher = {ACM},
    address = {New York, NY, USA}
} 

@techreport{PythonRandom,
    author = {Python Software Foundation},
    title = {Python Reference Manual},
    year = {2014},
    url = {https://docs.python.org/2/library/random.html}
}

@book{Ecuyer08,
  title = {Monte Carlo and Quasi-Monte Carlo Methods 2008},
  author = {Ecuyer, P.L. and Owen, A.B.},
  isbn = {9783642041075},
  lccn = {2009940794},
  series = {Mathematics and Statistics},
  url = {http://books.google.co.uk/books?id=5Y9cnmtLGQYC},
  year = {2010},
  pages = {503},
  publisher = {Springer}
}

@misc{Jagannatam09,
    author = {Archana Jagannatam},
    title = {{Mersenne Twister - A Pseudo Random Number Generator and its Variants}},
    year = {2009},
    url = {cryptography.gmu.edu/~jkaps/download.php?docid=1083}
}

@techreport{WhatIsNumPy,
    author = {The SciPy Community},
    title = "What Is NumPy?",
    year = {2014},
    url = {http://docs.scipy.org/doc/numpy/user/whatisnumpy.html}
}

@misc{WolframPointPicking,
    author = {Weisstein, Eric. W.},
    title = {{Sphere Point Picking}},
    note = {From Mathworld -- A Wolfram Web Resource},
    url = {http://mathworld.wolfram.com/SpherePointPicking.html}
}

@article{Moll99,
  title = {Radiation damage in silicon particle detectors. Microscopic defects and macroscopic properties},
  author = {Moll, Michael},
  year = {1999},
  publisher = {Deutsches Elektronen-Synchrotron (DESY), Hamburg (Germany); Hamburg Univ.(Germany). Fachbereich 12-Physik}
}
